@article{mccracken2014convergent,
  title={Convergent cross-mapping and pairwise asymmetric inference},
  author={McCracken, James M and Weigel, Robert S},
  journal={Physical Review E},
  volume={90},
  number={6},
  year={2014},
}

@article {Deyle6430,
	author = {Deyle, Ethan R. and Fogarty, Michael and Hsieh, Chih-hao and Kaufman, Les and MacCall, Alec D. and Munch, Stephan B. and Perretti, Charles T. and Ye, Hao and Sugihara, George},
	title = {Predicting climate effects on Pacific sardine},
	volume = {110},
	number = {16},
	pages = {6430--6435},
	year = {2013},
	journal = {Proceedings of the National Academy of Sciences}
}

@article{ye2015distinguishing,
  title={Distinguishing time-delayed causal interactions using convergent cross mapping},
  author={Ye, Hao and Deyle, Ethan R and Gilarranz, Luis J and Sugihara, George},
  journal={Scientific reports},
  volume={5},
  year={2015},
}

@article{ye2016information,
  title={Information leverage in interconnected ecosystems: Overcoming the curse of dimensionality},
  author={Ye, Hao and Sugihara, George},
  journal={Science},
  volume={353},
  number={6302},
  pages={922--925},
  year={2016},
}

@incollection{tsonis2018convergent,
  title={Convergent cross mapping: theory and an example},
  author={Tsonis, Anastasios A and Deyle, Ethan R and Ye, Hao and Sugihara, George},
  booktitle={Advances in Nonlinear Geosciences},
  pages={587--600},
  year={2018},
  publisher={Springer}
}

@article{monster2017causal,
  title={Causal inference from noisy time-series dataâ€”Testing the Convergent Cross-Mapping algorithm in the presence of noise and external influence},
  author={M{\o}nster, Dan and Fusaroli, Riccardo and Tyl{\'e}n, Kristian and Roepstorff, Andreas and Sherson, Jacob F},
  journal={Future Generation Computer Systems},
  volume={73},
  pages={52--62},
  year={2017},
  publisher={Elsevier}
}

